% This file was created with JabRef 2.10.
% Encoding: UTF8

@INPROCEEDINGS{7139259, 
	author={Leigh, A. and Pineau, J. and Olmedo, N. and Hong Zhang}, 
	booktitle={Robotics and Automation (ICRA), 2015 IEEE International Conference on}, 
	title={Person tracking and following with 2D laser scanners}, 
	year={2015}, 
	pages={726-733}, 
	keywords={intelligent robots;medical robotics;mobile robots;optical scanners;2D laser scanners;Clearpath Husky;ROS package;autonomous person following;intelligent power wheelchair robot;mobility impairments;objective data;person tracking;quantitative data;robot operating system framework;robust detection;robust tracking;Lasers;Legged locomotion;Robot sensing systems;Tracking}, 
	doi={10.1109/ICRA.2015.7139259}, 
	month={May},}


@INPROCEEDINGS{4209616, 
	author={Arras, K.O. and Mozos, O.M. and Burgard, W.}, 
	booktitle={Robotics and Automation, 2007 IEEE International Conference on}, 
	title={Using Boosted Features for the Detection of People in 2D Range Data}, 
	year={2007}, 
	pages={3402-3407}, 
	keywords={feature extraction;image classification;laser ranging;learning (artificial intelligence);object detection;robot vision;target tracking;2D range data;AdaBoost;feature boosting;people classification;people detection;people tracking;robot vision;supervised learning;Computer science;Computer vision;Data mining;Humans;Laser beams;Laser modes;Leg;Robot sensing systems;Robotics and automation;Supervised learning}, 
	doi={10.1109/ROBOT.2007.363998}, 
	ISSN={1050-4729}, 
	month={April},}

% This file was created with JabRef 2.5.
% Encoding: GBK

@article{ref0,
	author    = {Matteo Munaro and
		Emanuele Menegatti},
	title     = {Fast {RGB-D} people tracking for service robots},
	journal   = {Auton. Robots},
	volume    = {37},
	number    = {3},
	pages     = {227--242},
	year      = {2014},
		
}


@inproceedings{ref1,
	author    = {Armando Pesenti Gritti and
		Oscar Tarabini and
		Jerome Guzzi and
		Gianni A. Di Caro and
		Vincenzo Caglioti and
		Luca Maria Gambardella and
		Alessandro Giusti},
	title     = {Kinect-based people detection and tracking from small-footprint ground
		robots},
	booktitle = {2014 {IEEE/RSJ} International Conference on Intelligent Robots and
		Systems, Chicago, IL, USA, September 14-18, 2014},
	pages     = {4096--4103},
	year      = {2014},
					
}

@inproceedings{ref2,
	author    = {Akansel Cosgun and
		Dinei A. F. Flor{\^{e}}ncio and
		Henrik I. Christensen},
	title     = {Autonomous person following for telepresence robots},
	booktitle = {2013 {IEEE} International Conference on Robotics and Automation, Karlsruhe,
		Germany, May 6-10, 2013},
	pages     = {4335--4342},
	year      = {2013},
				
}

@INPROCEEDINGS{ref3,
	author    = {Michael Montemerlo and
		Sebastian Thrun and
		William Whittaker},
	title     = {Conditional Particle Filters for Simultaneous Mobile Robot Localization
		and People-Tracking},
	booktitle = {Proceedings of the 2002 International Conference on Robotics
		and Automation},
	pages     = {695-701},
	year      = {2002},
}

@inproceedings{ref4,
	author    = {Elin Anna Topp and
		Henrik I. Christensen},
	title     = {Tracking for following and passing persons},
	booktitle = {2005 {IEEE/RSJ} International Conference on Intelligent Robots and
		Systems, Edmonton, Alberta, Canada, August 2-6, 2005},
	pages     = {2321--2327},
	year      = {2005},
			
}

@inproceedings{ref5,
	author    = {Rachel Gockley and
		Jodi Forlizzi and
		Reid G. Simmons},
	title     = {Natural person-following behavior for social robots},
	booktitle = {Proceedings of the Second {ACM} {SIGCHI/SIGART} Conference on Human-Robot
		Interaction, {HRI} 2007, Arlington, Virginia, USA, March 10-12, 2007},
	pages     = {17--24},
	year      = {2007},
}

@incollection{ref6,
	author    = {Kai Oliver Arras and
		Boris Lau and
		Slawomir Grzonka and
		Matthias Luber and
		{\'{O}}scar Mart{\'{\i}}nez Mozos and
		Daniel Meyer{-}Delius and
		Wolfram Burgard},
	title     = {Range-Based People Detection and Tracking for Socially Enabled Service
		Robots},
	booktitle = {Towards Service Robots for Everyday Environments - Recent Advances
		in Designing Service Robots for Complex Tasks in Everyday Environments},
	pages     = {235--280},
	year      = {2012},
					
}

@inproceedings{ref7,
	author    = {Angus Leigh and
		Joelle Pineau and
		Nicolas A. Olmedo and
		Hong Zhang},
	title     = {Person tracking and following with 2D laser scanners},
	booktitle = {{IEEE} International Conference on Robotics and Automation, {ICRA}
		2015, Seattle, WA, USA, 26-30 May, 2015},
	pages     = {726--733},
	year      = {2015},
				
}

@inproceedings{ref8,
	author    = {Kai Oliver Arras and
		{\'{O}}scar Mart{\'{\i}}nez Mozos and
		Wolfram Burgard},
	title     = {Using Boosted Features for the Detection of People in 2D Range Data},
	booktitle = {2007 {IEEE} International Conference on Robotics and Automation, {ICRA}
		2007, 10-14 April 2007, Roma, Italy},
	pages     = {3402--3407},
	year      = {2007},
			
}

@inproceedings{ref9,
	author    = {Rachel Gockley and
		Jodi Forlizzi and
		Reid G. Simmons},
	title     = {Natural person-following behavior for social robots},
	booktitle = {Proceedings of the Second {ACM} {SIGCHI/SIGART} Conference on Human-Robot
		Interaction, {HRI} 2007, Arlington, Virginia, USA, March 10-12, 2007},
	pages     = {17--24},
	year      = {2007},
				
}

@inproceedings{ref10,
	author    = {Sachithra Hemachandra and
		Thomas Kollar and
		Nicholas Roy and
		Seth J. Teller},
	title     = {Following and interpreting narrated guided tours},
	booktitle = {{IEEE} International Conference on Robotics and Automation, {ICRA}
		2011, Shanghai, China, 9-13 May 2011},
	pages     = {2574--2579},
	year      = {2011},
				
}

@inproceedings{LuS13,
	author    = {David V. Lu and
		William D. Smart},
	title     = {Towards more efficient navigation for robots and humans},
	booktitle = {2013 {IEEE/RSJ} International Conference on Intelligent Robots and
		Systems, Tokyo, Japan, November 3-7, 2013},
	pages     = {1707--1713},
	year      = {2013},
			
}

@inproceedings{KobilarovSHB06,
	author    = {Marin Kobilarov and
		Gaurav S. Sukhatme and
		Jeff Hyams and
		Parag H. Batavia},
	title     = {People Tracking and Following with Mobile Robot using an Omnidirectional
		Camera and a Laser},
	booktitle = {Proceedings of the 2006 {IEEE} International Conference on Robotics
		and Automation, {ICRA} 2006, May 15-19, 2006, Orlando, Florida, {USA}},
	pages     = {557--562},
	year      = {2006},
					
}

@inproceedings{M.Kleinehagenbrock,
	author    = {M. Kleinehagenbrock and S. Lang and J. Fritsch and F. Lomker and G. A. Fink and G. Sagerer},
	title     = {Person tracking with a mobile robot based on multi-modal anchoring},
	booktitle = {11th IEEE Int. Workshop on Robot and Human
		Interactive Communication},
	pages     = {423--429},
	year      = {2002},
			
}

@article{KalmanRudolfEmil,
	Author = {Kalman, Rudolph Emil},
	Title = {A New Approach to Linear Filtering and Prediction Problems},
	Journal = {Transactions of the ASME--Journal of Basic Engineering},
	Volume = {82},
	Number = {Series D},
	Pages = {35--45},
	Year = {1960}
}

@ARTICLE{munkresalgo,
	author = {H. W. Kuhn and Bryn Yaw},
	title = {The Hungarian method for the assignment problem},
	journal = {Naval Res. Logist. Quart},
	year = {1955},
	pages = {83--97}
}

@inproceedings{vrep,
	author    = "E. Rohmer, S. P. N. Singh, M. Freese",
	title     = "V-REP: a Versatile and Scalable Robot Simulation Framework",
	booktitle = "Proc. of The International Conference on Intelligent Robots and Systems (IROS)",
	year      = "2013"
}
@inproceedings{DBLP:conf/icra/XavierPCRN05,
	author    = {Jo{\~{a}}o Xavier and
		Marco Pacheco and
			Daniel Castro and
			Ant{\'{o}}nio E. B. Ruano and
			Urbano Nunes},
	title     = {Fast Line, Arc/Circle and Leg Detection from Laser Scan Data in a
		Player Driver},
	booktitle = {Proceedings of the 2005 {IEEE} International Conference on Robotics
		and Automation, {ICRA} 2005, April 18-22, 2005, Barcelona, Spain},
	pages     = {3930--3935},
	year      = {2005},
	crossref  = {DBLP:conf/icra/2005},
	url       = {http://dx.doi.org/10.1109/ROBOT.2005.1570721},
	doi       = {10.1109/ROBOT.2005.1570721},
	timestamp = {Wed, 20 Feb 2013 17:23:05 +0100},
	biburl    = {http://dblp.uni-trier.de/rec/bib/conf/icra/XavierPCRN05},
	bibsource = {dblp computer science bibliography, http://dblp.org}
}
